<?xml version="1.0" encoding="UTF-8"?><collection xmlns="http://www.loc.gov/MARC21/slim"><record><leader>00691nam--2200205-i-4500</leader><controlfield tag="001">000010828</controlfield><controlfield tag="002">20161230</controlfield><controlfield tag="005">20161230201029</controlfield><controlfield tag="008">060222s1000------------r-----000-0-eng-d</controlfield><datafield ind1=" " ind2=" " tag="020"><subfield code="a">0720417570</subfield></datafield><datafield ind1=" " ind2=" " tag="040"><subfield code="a">IFIN-HH</subfield></datafield><datafield ind1=" " ind2=" " tag="080"><subfield code="a">548.4:537.533.3:681.3.06</subfield></datafield><datafield ind1="1" ind2=" " tag="100"><subfield code="a">Head, A.K</subfield></datafield><datafield ind1="1" ind2="0" tag="245"><subfield code="a">Computed electron micrographs and defect identification</subfield><subfield code="b">Series defects in crystalline solids volume 7</subfield><subfield code="c">A.k. head, p. humble, l.m. clarebrough, a.j. morton, c.t. forwood</subfield></datafield><datafield ind1=" " ind2=" " tag="260"><subfield code="a">Amsterdam</subfield><subfield code="b">North-holland Publishing Company</subfield><subfield code="c">1973</subfield></datafield><datafield ind1=" " ind2=" " tag="300"><subfield code="a">X+400P</subfield></datafield><datafield ind1=" " ind2=" " tag="490"><subfield code="a">Series Defects In Crystalline Solids</subfield></datafield><datafield ind1="1" ind2=" " tag="700"><subfield code="a">Forwood, C.T</subfield></datafield><datafield ind1=" " ind2=" " tag="852"><subfield code="a">33839</subfield><subfield code="c">539.2</subfield></datafield><datafield ind1=" " ind2=" " tag="CAT"><subfield code="a">Sys</subfield><subfield code="c">20121018</subfield><subfield code="h">112834</subfield></datafield></record></collection>